@misc{create-react-app,
	author       = {Facebook},
	title        = {Create React apps with no build configuration},
	howpublished = {\url{https://github.com/facebook/create-react-app}}
}

@misc{react-dom,
	author       = {Facebook},
	title        = {React package that implements DOM specific methods},
	howpublished = {\url{https://es.reactjs.org/docs/react-dom.html}}
}

@misc{DOM,
	author={W3C},
	title={Document Object Model},
	howpublished={\url{https://developer.mozilla.org/es/docs/Web/API/Document_Object_Model/Introduction}}
}

@misc{react-router-dom,
	author       = {ReactTraining},
	title        = {React package for routing react web apps},
	howpublished = {\url{https://reactrouter.com/web/guides/quick-start}}
}

@misc{KonvaJS,
	author       = {Anton Lavrenov},
	title        = {Konva is an HTML5 Canvas JavaScript framework},
	howpublished = {\url{https://github.com/konvajs/konva}}
}

@misc{gplv3,
    author       = {Free Software Foundation},
    title        = {{GNU} {G}eneral {P}ublic {L}icense},
    version      = {3},
	howpublished = {\url{http://www.gnu.org/licenses/gpl.html}},
    shorthand    = {GPL},
}

@misc{bootstrap,
	author       = {Bootstrap}, 
	title        = {Bootstrap},
	howpublished = {\url{https://getbootstrap.com/}}
}

@misc{GithubPages,
	author       = {Github}, 
	title        = {Github Pages},
	howpublished = {\url{https://pages.github.com/}}
}

@misc{GithubPagesDeploy,
	author       = {Facebook}, 
	title        = {Github Pages Deploy},
	howpublished = {\url{https://create-react-app.dev/docs/deployment/#github-pages}}
}

@misc{gh-pages,
	author       = {Tim Schaub}, 
	title        = {NPM package for creating Github Pages from a React App},
	howpublished = {\url{https://www.npmjs.com/package/gh-pages}}
}

@misc{cypress,
	author       = {Cypress}, 
	title        = {Herramienta de testeo para aplicaciones web},
	howpublished = {\url{https://www.cypress.io/}}
}

@misc{cypressReact,
	author       = {Cypress}, 
	title        = {MÃ³dulo de testeo de Cypress para React},
	howpublished = {\url{https://www.cypress.io/blog/2021/04/06/cypress-component-testing-react/}}
}

@misc{React-Hooks,
	author       = {React}, 
	title        = {React Hooks},
	howpublished = {\url{https://es.reactjs.org/docs/hooks-intro.html}}
}

@misc{JSX,
	author       = {React}, 
	title        = {Javascript XML},
	howpublished = {\url{https://es.reactjs.org/docs/introducing-jsx.html}}
}

@misc{materialui,
	author       = {mui-org}, 
	title        = {Componentes de react de Material design},
	howpublished = {\url{https://material-ui.com/}}
}

@misc{material-ui-color,
	author       = {mikbry}, 
	title        = {Color Picker component compatible with Material-UI},
	howpublished = {\url{https://github.com/mikbry/material-ui-color}}
}

@misc{,
	author       = {}, 
	title        = {},
	howpublished = {\url{}}
}






